@Mist{cpu_amd_7702_buy,
    title = {AMD EPYC 7702P: \textit{Newegg Business}. En [En línia].},
    howpublished = {Disponible a \url{https://www.neweggbusiness.com/product/product.aspx?item=9b-19-113-583}. Últim accés Maig 2020.}
}
@Mist{cpu_amd_7502_buy,
    title = {AMD EPYC 7502P: \textit{Newegg Business}. En [En línia].},
    howpublished = {Disponible a \url{https://www.neweggbusiness.com/product/product.aspx?item=9siv1dsa223\\241\&bri=9b-19-113-589}. Últim accés Maig 2020.}
}

@Mist{id,
    title = {NOM_COMPONENT: \textit{NOM_WEB}. En [En línia].},
    howpublished = {Disponible a \url{URL_PRODUCTE}. Últim accés Maig 2020.}
}
